% Encoding: UTF-8

@article{Sobes2021,
  doi = {10.1016/j.anucene.2021.108353},
  url = {https://doi.org/10.1016/j.anucene.2021.108353},
  year = {2021},
  month = sep,
  publisher = {Elsevier {BV}},
  volume = {160},
  pages = {108353},
  author = {Vladimir Sobes and Andrew Holcomb and B.J. Marshall and Travis Greene and Doro Wiarda and Will Wieselquist},
  title = {Augmented {ENDF}/B-{VIII}.0 covariance library for {SCALE} 6.3},
  journal = {Annals of Nuclear Energy}
}

@article{Brown2018,
  doi = {10.1016/j.nds.2018.02.001},
  url = {https://doi.org/10.1016/j.nds.2018.02.001},
  year = {2018},
  month = feb,
  publisher = {Elsevier {BV}},
  volume = {148},
  pages = {1--142},
  author = {D.A. Brown and M.B. Chadwick and R. Capote and A.C. Kahler and A. Trkov and M.W. Herman and A.A. Sonzogni and Y. Danon and A.D. Carlson and M. Dunn and D.L. Smith and G.M. Hale and G. Arbanas and R. Arcilla and C.R. Bates and B. Beck and B. Becker and F. Brown and R.J. Casperson and J. Conlin and D.E. Cullen and M.-A. Descalle and R. Firestone and T. Gaines and K.H. Guber and A.I. Hawari and J. Holmes and T.D. Johnson and T. Kawano and B.C. Kiedrowski and A.J. Koning and S. Kopecky and L. Leal and J.P. Lestone and C. Lubitz and J.I. M{\'{a}}rquez Dami{\'{a}}n and C.M. Mattoon and E.A. McCutchan and S. Mughabghab and P. Navratil and D. Neudecker and G.P.A. Nobre and G. Noguere and M. Paris and M.T. Pigni and A.J. Plompen and B. Pritychenko and V.G. Pronyaev and D. Roubtsov and D. Rochman and P. Romano and P. Schillebeeckx and S. Simakov and M. Sin and I. Sirakov and B. Sleaford and V. Sobes and E.S. Soukhovitskii and I. Stetcu and P. Talou and I. Thompson and S. van der Marck and L. Welser-Sherrill and D. Wiarda and M. White and J.L. Wormald and R.Q. Wright and M. Zerkle and G. {\v{Z}}erovnik and Y. Zhu},
  title = {{ENDF}/B-{VIII}.0: The 8 th Major Release of the Nuclear Reaction Data Library with {CIELO}-project Cross Sections,  New Standards and Thermal Scattering Data},
  journal = {Nuclear Data Sheets}
}

@Article{cybenko1989approximation,
  author    = {Cybenko, George},
  journal   = {Mathematics of control, signals and systems},
  title     = {Approximation by superpositions of a sigmoidal function},
  year      = {1989},
  number    = {4},
  pages     = {303--314},
  volume    = {2},
  publisher = {Springer},
}

@Article{xu2019frequency,
  author  = {Xu, Zhi-Qin John and Zhang, Yaoyu and Luo, Tao and Xiao, Yanyang and Ma, Zheng},
  journal = {arXiv preprint arXiv:1901.06523},
  title   = {Frequency principle: Fourier analysis sheds light on deep neural networks},
  year    = {2019},
}

@Article{刘浏2018命名实体识别研究综述,
  author  = {刘浏 and 王东波},
  journal = {情报学报},
  title   = {命名实体识别研究综述},
  year    = {2018},
  number  = {3},
  pages   = {329--340},
  volume  = {37},
}

@Book{姚端正1997数学物理方法,
  author    = {姚端正 and 梁家宝},
  publisher = {武汉大学出版社},
  title     = {数学物理方法},
  year      = {1997},
}

@Article{Niu2018,
  author    = {Z.M. Niu and H.Z. Liang},
  journal   = {Physics Letters B},
  title     = {Nuclear mass predictions based on Bayesian neural network approach with pairing and shell effects},
  year      = {2018},
  month     = mar,
  pages     = {48--53},
  volume    = {778},
  doi       = {10.1016/j.physletb.2018.01.002},
  publisher = {Elsevier {BV}},
  url       = {https://doi.org/10.1016/j.physletb.2018.01.002},
}

@Article{minato2022calculation,
  author    = {Minato, Futoshi and Niu, Zhongming and Liang, Haozhao and others},
  journal   = {Physical Review C},
  title     = {Calculation of $\beta$-decay half-lives within a Skyrme-Hartree-Fock-Bogoliubov energy density functional with the proton-neutron quasiparticle random-phase approximation and isoscalar pairing strengths optimized by a Bayesian method},
  year      = {2022},
  number    = {2},
  pages     = {024306},
  volume    = {106},
  publisher = {APS},
}

@Article{niu2019comparative,
  author    = {Niu, ZM and Fang, JY and Niu, YF and others},
  journal   = {Physical Review C},
  title     = {Comparative study of radial basis function and Bayesian neural network approaches in nuclear mass predictions},
  year      = {2019},
  number    = {5},
  pages     = {054311},
  volume    = {100},
  publisher = {APS},
}

@Article{wang2021optimizing,
  author    = {Wang, Zi-Ao and Pei, Junchen},
  journal   = {Physical Review C},
  title     = {Optimizing multilayer Bayesian neural networks for evaluation of fission yields},
  year      = {2021},
  number    = {6},
  pages     = {064608},
  volume    = {104},
  publisher = {APS},
}

@Article{shang2022prediction,
  author    = {Shang, Tian-Shuai and Li, Jian and Niu, Zhong-Ming},
  journal   = {Nuclear Science and Techniques},
  title     = {Prediction of nuclear charge density distribution with feedback neural network},
  year      = {2022},
  number    = {12},
  pages     = {153},
  volume    = {33},
  publisher = {Springer},
}

@Article{boehnlein2022colloquium,
  author    = {Boehnlein, Amber and Diefenthaler, Markus and Sato, Nobuo and Schram, Malachi and Ziegler, Veronique and Fanelli, Cristiano and Hjorth-Jensen, Morten and Horn, Tanja and Kuchera, Michelle P and Lee, Dean and others},
  journal   = {Reviews of Modern Physics},
  title     = {Colloquium: Machine learning in nuclear physics},
  year      = {2022},
  number    = {3},
  pages     = {031003},
  volume    = {94},
  publisher = {APS},
}

@Article{saxena2021modified,
  author    = {Saxena, G and Sharma, PK and Saxena, Prafulla},
  journal   = {Journal of Physics G: Nuclear and Particle Physics},
  title     = {Modified empirical formulas and machine learning for $\alpha$-decay systematics},
  year      = {2021},
  number    = {5},
  pages     = {055103},
  volume    = {48},
  publisher = {IOP Publishing},
}

@Article{Akkoyun2020,
  author    = {Serkan Akkoyun},
  journal   = {Nuclear Instruments and Methods in Physics Research Section B: Beam Interactions with Materials and Atoms},
  title     = {Estimation of fusion reaction cross-sections by artificial neural networks},
  year      = {2020},
  month     = jan,
  pages     = {51--54},
  volume    = {462},
  doi       = {10.1016/j.nimb.2019.11.014},
  publisher = {Elsevier {BV}},
  url       = {https://doi.org/10.1016/j.nimb.2019.11.014},
}

@Book{刘树棠2010信号与系统,
  author    = {刘树棠},
  publisher = {西安交通大学出版社},
  title     = {信号与系统},
  year      = {2010},
}

@TechReport{larson1998updated,
  author      = {Larson, Nancy M},
  institution = {Oak Ridge National Lab.(ORNL), Oak Ridge, TN (United States)},
  title       = {Updated users' guide for sammy multilevel R-matrix fits to neutron data using bayes' equation},
  year        = {1998},
}

@InProceedings{ge2020cendl,
  author       = {Ge, Zhigang and Xu, Ruirui and Wu, Haicheng and Zhang, Yue and Chen, Guochang and Jin, Yongli and Shu, Nengchuan and Chen, Yongjing and Tao, Xi and Tian, Yuan and others},
  booktitle    = {EPJ Web of Conferences},
  title        = {CENDL-3.2: The new version of Chinese general purpose evaluated nuclear data library},
  year         = {2020},
  organization = {EDP Sciences},
  pages        = {09001},
  volume       = {239},
}

@TechReport{chen1990r,
  author      = {Chen, Zhenpeng and Qi, Huiquan},
  institution = {China Nuclear Information Centre},
  title       = {R-matrix analysis code (RAC)},
  year        = {1990},
}

@Book{glasstone2012nuclear,
  author    = {Glasstone, Samuel and Sesonske, Alexander},
  publisher = {Springer Science \& Business Media},
  title     = {Nuclear reactor engineering: reactor systems engineering},
  year      = {2012},
}

@Article{李庆峰2022机器学习在原子核物理中的应用专题,
  author  = {李庆峰 and 马余刚},
  journal = {中国科学: 物理学 力学 天文学},
  title   = {机器学习在原子核物理中的应用专题{\textperiodcentered} 编者按},
  year    = {2022},
}

@Book{卢希庭2000原子核物理,
  author    = {卢希庭},
  publisher = {原子能出版社},
  title     = {原子核物理},
  year      = {2000},
}

@Article{庞龙刚2020深度学习在核物理中的应用,
  author  = {庞龙刚 and 周凯 and 王新年},
  journal = {原 子 核 物 理 评 论},
  title   = {深度学习在核物理中的应用},
  year    = {2020},
  number  = {3},
  volume  = {37},
}

@Book{王珏2006机器学习及其应用,
  author    = {王珏 and 周志华 and 周傲英},
  publisher = {清华大学出版社有限公司},
  title     = {机器学习及其应用},
  year      = {2006},
  volume    = {4},
}

@Article{尹宝才2015深度学习研究综述,
  author  = {尹宝才 and 王文通 and 王立春 and others},
  journal = {北京工业大学学报},
  title   = {深度学习研究综述},
  year    = {2015},
  number  = {1},
  pages   = {48--59},
  volume  = {41},
}

@Article{vaidyanathan2001generalizations,
  author    = {Vaidyanathan, PP},
  journal   = {IEEE Transactions on Circuits and Systems I: Fundamental Theory and Applications},
  title     = {Generalizations of the sampling theorem: Seven decades after Nyquist},
  year      = {2001},
  number    = {9},
  pages     = {1094--1109},
  volume    = {48},
  publisher = {IEEE},
}

@Article{hughes1965physical,
  author    = {Hughes, Harold K},
  journal   = {American Journal of Physics},
  title     = {The physical meaning of parseval's theorem},
  year      = {1965},
  number    = {2},
  pages     = {99--101},
  volume    = {33},
  publisher = {American Association of Physics Teachers},
}

@book{bracewell1986fourier,
  title={The Fourier transform and its applications},
  author={Bracewell, Ronald Newbold and Bracewell, Ronald N},
  volume={31999},
  year={1986},
  publisher={McGraw-Hill New York}
}

@Article{郭之虞2003核技术及其应用的发展,
  author  = {郭之虞 and 王宇钢 and 包尚联},
  journal = {北京大学学报: 自然科学版},
  title   = {核技术及其应用的发展},
  year    = {2003},
  number  = {z1},
  pages   = {82--91},
}

@TechReport{bell1973origen,
  author      = {Bell, MJ},
  institution = {Oak Ridge National Lab., Tenn.(USA)},
  title       = {ORIGEN: the ORNL isotope generation and depletion code},
  year        = {1973},
}

@Article{ren2000recent,
  author    = {Ren, Xiaoming and Zelenay, Piotr and Thomas, Sharon and Davey, John and Gottesfeld, Shimshon},
  journal   = {Journal of Power Sources},
  title     = {Recent advances in direct methanol fuel cells at Los Alamos National Laboratory},
  year      = {2000},
  number    = {1-2},
  pages     = {111--116},
  volume    = {86},
  publisher = {Elsevier},
}

@Article{kelley2004tunl,
  author = {Kelley, JH and Tilley, DR and Purcell, J and Godwin, JL and Sheu, G and Weller, HR},
  title  = {TUNL nuclear data evaluation project},
  year   = {2004},
}

@Article{陶曦201520,
  author    = {陶曦 and 蔡崇海 and 申庆彪},
  journal   = {原子核物理评论},
  title     = {20 MeV 以下 n+ 6 Li 反应的理论计算},
  year      = {2015},
  number    = {3},
  pages     = {368--374},
  volume    = {32},
  publisher = {原子核物理评论},
}

@Article{张奇玮2021基于,
  author  = {张奇玮 and 栾广源 and 任杰 and 阮锡超 and 贺国珠 and 鲍杰 and 孙琪 and 黄翰雄 and 王朝辉 and 顾旻皓 and others},
  journal = {物理学报},
  title   = {基于 CSNS 反角白光中子源的中子俘获反应截面测量技术研究},
  year    = {2021},
  number  = {22},
  pages   = {222801},
  volume  = {70},
}

@Article{cierjacks1980high,
  author    = {Cierjacks, S and Hinterberger, F and Schmalz, G and Erbe, D and Rossen, PV and Leugers, B},
  journal   = {Nuclear Instruments and Methods},
  title     = {High precision time-of-flight measurements of neutron resonance energies in carbon and oxygen between 3 and 30 MeV},
  year      = {1980},
  number    = {1},
  pages     = {185--198},
  volume    = {169},
  publisher = {Elsevier},
}

@Book{hore2015nuclear,
  author    = {Hore, Peter J},
  publisher = {Oxford University Press, USA},
  title     = {Nuclear magnetic resonance},
  year      = {2015},
}

@Article{seidl1949interpretation,
  author    = {Seidl, FGP},
  journal   = {Physical Review},
  title     = {An Interpretation of the Resonance Scattering of Neutrons by Cobalt in Terms of the Breit-Wigner Equation},
  year      = {1949},
  number    = {10},
  pages     = {1508},
  volume    = {75},
  publisher = {APS},
}

@Book{mitchell2007machine,
  author    = {Mitchell and Tom Michael},
  publisher = {McGraw-hill New York},
  title     = {Machine learning},
  year      = {2007},
  volume    = {1},
}

@Book{李航2012统计学习方法,
  author    = {李航},
  publisher = {Qing hua da xue chu ban she},
  title     = {统计学习方法},
  year      = {2012},
}

@Article{chowdhary2020natural,
  author    = {Chowdhary, KR1442 and Chowdhary, KR},
  journal   = {Fundamentals of artificial intelligence},
  title     = {Natural language processing},
  year      = {2020},
  pages     = {603--649},
  publisher = {Springer},
}

@Article{樊春玲2009贝叶斯神经网络建模预测方法及其应用,
  author  = {樊春玲 and 孙四通 and 金志华},
  journal = {中国惯性技术学报},
  title   = {贝叶斯神经网络建模预测方法及其应用},
  year    = {2009},
  number  = {1},
  pages   = {85--88},
  volume  = {17},
}

@Article{wiering2012reinforcement,
  author    = {Wiering, Marco A and Van Otterlo, Martijn},
  journal   = {Adaptation, learning, and optimization},
  title     = {Reinforcement learning},
  year      = {2012},
  number    = {3},
  pages     = {729},
  volume    = {12},
  publisher = {Springer},
}

@Article{verbraeken2020survey,
  author    = {Verbraeken, Joost and Wolting, Matthijs and Katzy, Jonathan and Kloppenburg, Jeroen and Verbelen, Tim and Rellermeyer, Jan S},
  journal   = {Acm computing surveys (csur)},
  title     = {A survey on distributed machine learning},
  year      = {2020},
  number    = {2},
  pages     = {1--33},
  volume    = {53},
  publisher = {ACM New York, NY, USA},
}

@Article{rojas1996backpropagation,
  author    = {Rojas, Raul and Rojas, Ra{\'u}l},
  journal   = {Neural networks: a systematic introduction},
  title     = {The backpropagation algorithm},
  year      = {1996},
  pages     = {149--182},
  publisher = {Springer},
}

@Article{deng2014deep,
  author    = {Deng, Li and Yu, Dong and others},
  journal   = {Foundations and trends{\textregistered} in signal processing},
  title     = {Deep learning: methods and applications},
  year      = {2014},
  number    = {3--4},
  pages     = {197--387},
  volume    = {7},
  publisher = {Now Publishers, Inc.},
}

@Article{cai2019phasednn,
  author  = {Cai, Wei and Li, Xiaoguang and Liu, Lizuo},
  journal = {arXiv preprint arXiv:1905.01389},
  title   = {Phasednn-a parallel phase shift deep neural network for adaptive wideband learning},
  year    = {2019},
}

@Article{cai2020phase,
  author    = {Cai, Wei and Li, Xiaoguang and Liu, Lizuo},
  journal   = {SIAM Journal on Scientific Computing},
  title     = {A phase shift deep neural network for high frequency approximation and wave problems},
  year      = {2020},
  number    = {5},
  pages     = {A3285--A3312},
  volume    = {42},
  publisher = {SIAM},
}

@Article{xu2018understanding,
  author  = {Xu, Zhiqin John},
  journal = {arXiv preprint arXiv:1808.04295},
  title   = {Understanding training and generalization in deep learning by fourier analysis},
  year    = {2018},
}

@Book{daubechies1992ten,
  author    = {Daubechies, Ingrid},
  publisher = {SIAM},
  title     = {Ten lectures on wavelets},
  year      = {1992},
}

@Article{cai1996adaptive,
  author    = {Cai, Wei and Wang, Jianzhong},
  journal   = {SIAM Journal on Numerical Analysis},
  title     = {Adaptive multiresolution collocation methods for initial-boundary value problems of nonlinear PDEs},
  year      = {1996},
  number    = {3},
  pages     = {937--970},
  volume    = {33},
  publisher = {SIAM},
}

@Article{唐靖宇2020白光中子源及其多学科应用,
  author  = {唐靖宇},
  journal = {中国基础科学},
  title   = {白光中子源及其多学科应用},
  year    = {2020},
  number  = {4},
  pages   = {22--31},
  volume  = {22},
}

@Article{庹先国2020中重核中子共振研究及应用进展,
  author  = {庹先国 and 刘福乐 and 王琦标 and 邓超 and 石睿 and 穆克亮 and 牛江},
  journal = {核技术},
  title   = {中重核中子共振研究及应用进展},
  year    = {2020},
  number  = {10},
  pages   = {7--21},
  volume  = {43},
}

@Article{descouvemont2010r,
  author    = {Descouvemont, Pierre and Baye, D},
  journal   = {Reports on progress in physics},
  title     = {The R-matrix theory},
  year      = {2010},
  number    = {3},
  pages     = {036301},
  volume    = {73},
  publisher = {IOP Publishing},
}

@Article{ketkar2021introduction,
  author    = {Ketkar, Nikhil and Moolayil, Jojo and Ketkar, Nikhil and Moolayil, Jojo},
  journal   = {Deep Learning with Python: Learn Best Practices of Deep Learning Models with PyTorch},
  title     = {Introduction to pytorch},
  year      = {2021},
  pages     = {27--91},
  publisher = {Springer},
}

@Comment{jabref-meta: databaseType:bibtex;}
